<?xml version="1.0" encoding="UTF-8"?>
<collection xmlns:xsi="http://www.w3.org/2001/XMLSchema-instance" xsi:schemaLocation="http://www.loc.gov/MARC21/slim http://www.loc.gov/standards/marcxml/schema/MARC21slim.xsd" xmlns="http://www.loc.gov/MARC21/slim">
<record>
  <leader>01402cam a2200313 a 4500</leader>
  <controlfield tag="001">2961009</controlfield>
  <controlfield tag="003">NNC</controlfield>
  <controlfield tag="005">20130426003116.0</controlfield>
  <controlfield tag="008">930820s1970    iq       b    000 0 arar </controlfield>
  <datafield tag="010" ind1=" " ind2=" ">
    <subfield code="a">   72960504 </subfield>
  </datafield>
  <datafield tag="035" ind1=" " ind2=" ">
    <subfield code="a">(OCoLC)ocm28661317</subfield>
  </datafield>
  <datafield tag="035" ind1=" " ind2=" ">
    <subfield code="9">ASK6216CU</subfield>
  </datafield>
  <datafield tag="035" ind1=" " ind2=" ">
    <subfield code="a">(NNC)2961009</subfield>
  </datafield>
  <datafield tag="040" ind1=" " ind2=" ">
    <subfield code="a">DLC</subfield>
    <subfield code="c">CUY</subfield>
    <subfield code="d">CUY</subfield>
    <subfield code="d">ZCU</subfield>
  </datafield>
  <datafield tag="090" ind1=" " ind2=" ">
    <subfield code="a">BP193.1</subfield>
    <subfield code="b">.G36 1970</subfield>
  </datafield>
  <datafield tag="100" ind1="1" ind2=" ">
    <subfield code="a">Kanjī, Muḥammad ibn Yūsuf,</subfield>
    <subfield code="d">-1259 or 1260.</subfield>
  </datafield>
  <datafield tag="245" ind1="1" ind2="0">
    <subfield code="a">Kifāyat al-tālib fī manāqib ʻAlī ibn Abī Ṭālib :</subfield>
    <subfield code="b">wa-yalīhi al-Bayān fī akhbār ṣāḥib al-zamān /</subfield>
    <subfield code="c">li- Abī ʻAbd Allāh Muḥammad ibn Yūsuf ibn Muḥammad al-Qurshī al-Kanjī al-Shāfiʻī; taḥqīq wa-taṣḥīḥ wa-tʻalīq Muḥammad Hādī al-Amīnī.</subfield>
  </datafield>
  <datafield tag="250" ind1=" " ind2=" ">
    <subfield code="a">al-Ṭabʻah 2.</subfield>
  </datafield>
  <datafield tag="260" ind1=" " ind2=" ">
    <subfield code="a">al-Najaf :</subfield>
    <subfield code="b">al-Matbaʻah al-Ḥaydarīyah,</subfield>
    <subfield code="c">1970.</subfield>
  </datafield>
  <datafield tag="300" ind1=" " ind2=" ">
    <subfield code="a">581 p. ;</subfield>
    <subfield code="c">26 cm.</subfield>
  </datafield>
  <datafield tag="500" ind1=" " ind2=" ">
    <subfield code="a">Cover title: Kefait al-taleb, by Abi Abed Allah Mohammad ben Yousef al-Garashi (al-Ganjeie) al-Shafei.</subfield>
  </datafield>
  <datafield tag="504" ind1=" " ind2=" ">
    <subfield code="a">Bibliography: p. [550]-562.</subfield>
  </datafield>
  <datafield tag="600" ind1="0" ind2="0">
    <subfield code="a">ʻAlī ibn Abī Ṭālib,</subfield>
    <subfield code="c">Caliph,</subfield>
    <subfield code="d">approximately 600-661.</subfield>
  </datafield>
  <datafield tag="650" ind1=" " ind2="0">
    <subfield code="a">Mahdi.</subfield>
  </datafield>
  <datafield tag="700" ind1="1" ind2=" ">
    <subfield code="a">Kanjī, Muḥammad ibn Yūsuf,</subfield>
    <subfield code="d">-1259 or 1260.</subfield>
    <subfield code="t">Bayān fī akhbār ṣāḥib al-zamān.</subfield>
  </datafield>
  <datafield tag="700" ind1="1" ind2=" ">
    <subfield code="a">Amīnī, Muḥammad Hādī.</subfield>
  </datafield>
  <datafield tag="740" ind1="0" ind2="0">
    <subfield code="a">Bayān fī akhbār ṣāḥib al-zamān.</subfield>
  </datafield>
  <datafield tag="740" ind1="0" ind2="0">
    <subfield code="a">Kefait al-taleb.</subfield>
  </datafield>
  <datafield tag="955" ind1=" " ind2=" ">
    <subfield code="b">CU55337783</subfield>
    <subfield code="d">off,glx</subfield>
    <subfield code="e">BP193.1 .G36 1970</subfield>
  </datafield>
</record>
</collection>